%%%%%%%%%%%%%%%%%%%%%%%%%%%%% COMPUTER VISION %%%%%%%%%%%%%%%%%%%%%%%%%%%%%%%%

@article{Fischler1981,
  title={Random sample consensus: a paradigm for model fitting with applications to image analysis and automated cartography},
  author={Fischler, Martin A and Bolles, Robert C},
  journal={Communications of the ACM},
  volume={24},
  number={6},
  pages={381--395},
  year={1981},
  publisher={ACM}
}

@inproceedings{Lucas1981,
  author = {Lucas, Bruce D. and Kanade, Takeo},
  title = {An Iterative Image Registration Technique with an Application to Stereo Vision},
  booktitle = {International Joint Conference on Artificial Intelligence (IJCAI)},
  year = {1981},
  location = {Vancouver, BC, Canada},
  pages = {674--679},
  numpages = {6},
  url = {http://dl.acm.org/citation.cfm?id=1623264.1623280},
  acmid = {1623280},
  publisher = {Morgan Kaufmann Publishers Inc.},
  address = {San Francisco, CA, USA},
}

@article{Hartley1997,
  title={Triangulation},
  author={Hartley, Richard I and Sturm, Peter},
  journal={Computer Vision and Image Understanding},
  volume={68},
  number={2},
  pages={146--157},
  year={1997},
  publisher={Elsevier}
}

@inproceedings{Lowe1999,
  title={Object recognition from local scale-invariant features},
  author={Lowe, David G},
  booktitle={IEEE International Conference on Computer Vision (ICCV)},
  pages={1150--1157},
  year={1999}
}

@inproceedings{Triggs1999,
  title={Bundle adjustment—a modern synthesis},
  author={Triggs, Bill and McLauchlan, Philip F and Hartley, Richard I and Fitzgibbon, Andrew W},
  booktitle={International Workshop on Vision Algorithms},
  pages={298--372},
  year={1999},
  organization={Springer}
}

@book{Hartley2003,
  title={Multiple view geometry in computer vision},
  author={Hartley, Richard and Zisserman, Andrew},
  year={2003},
  publisher={Cambridge university press}
}

@inproceedings{Bay2006,
  title={Surf: Speeded up robust features},
  author={Bay, Herbert and Tuytelaars, Tinne and Van Gool, Luc},
  booktitle={European Conference on Computer Vision (ECCV)},
  pages={404--417},
  year={2006},
  organization={Springer}
}

@inproceedings{Rosten2006,
  title={Machine learning for high-speed corner detection},
  author={Rosten, Edward and Drummond, Tom},
  booktitle={European Conference on Computer Vision (ECCV)},
  pages={430--443},
  year={2006},
  organization={Springer}
}

@inproceedings{Calonder2010,
  title={Brief: Binary robust independent elementary features},
  author={Calonder, Michael and Lepetit, Vincent and Strecha, Christoph and
  Fua, Pascal},
  booktitle={European Conference on Computer Vision (ECCV)},
  pages={778--792},
  year={2010},
  organization={Springer}
}

@inproceedings{Leutenegger2011,
  title={BRISK: Binary robust invariant scalable keypoints},
  author={Leutenegger, Stefan and Chli, Margarita and Siegwart, Roland Y},
  booktitle={IEEE International Conference on Computer Vision (ICCV)},
  pages={2548--2555},
  year={2011}
}

@inproceedings{Olson2011,
  title={AprilTag: A robust and flexible visual fiducial system},
  author={Olson, Edwin},
  booktitle={IEEE International Conference on Robotics and Automation (ICRA)},
  pages={3400--3407},
  year={2011}
}

@inproceedings{Rublee2011,
  title={{ORB}: An efficient alternative to SIFT or SURF},
  author={Rublee, Ethan and Rabaud, Vincent and Konolige, Kurt and Bradski, Gary},
  booktitle={IEEE International Conference on Computer Vision (ICCV)},
  pages={2564--2571},
  year={2011}
}

@article{Calonder2012,
  title={BRIEF: Computing a local binary descriptor very fast},
  author={Calonder, Michael and Lepetit, Vincent and Ozuysal, Mustafa and
  Trzcinski, Tomasz and Strecha, Christoph and Fua, Pascal},
  journal={IEEE Transactions on Pattern Analysis and Machine Intelligence (TPAMI)},
  volume={34},
  number={7},
  pages={1281--1298},
  year={2012},
  publisher={IEEE}
}

@inproceedings{Maddern2014,
  Title = {Illumination Invariant Imaging: Applications in Robust Vision-based Localisation, Mapping and Classification for Autonomous Vehicles},
  Address = {Hong Kong, China},
  Author = {Will Maddern and Alex Stewart and Colin McManus and Ben Upcroft and Winston Churchill and Paul Newman},
  Booktitle = {Proceedings of the Visual Place Recognition in Changing Environments Workshop, IEEE International Conference on Robotics and Automation (ICRA)},
  Date-Added = {2014-04-29 01:10:22 +0000},
  Date-Modified = {2014-04-29 01:12:06 +0000},
  Month = {May},
  Pdf = {http://www.robots.ox.ac.uk/~mobile/Papers/2014ICRA_maddern.pdf},
  Year = {2014}
}

@article{RomeroRamirez2018,
  title = "Speeded up detection of squared fiducial markers",
  journal = "Image and Vision Computing",
  volume = "76",
  pages = "38 - 47",
  year = "2018",
  issn = "0262-8856",
  doi = "https://doi.org/10.1016/j.imavis.2018.05.004",
  url = "http://www.sciencedirect.com/science/article/pii/S0262885618300799",
  author = "Francisco J. Romero-Ramirez and Rafael Muñoz-Salinas and Rafael Medina-Carnicer",
  keywords = "Fiducial markers, Marker mapping, SLAM"
}

%%%%%%%%%%%%%%%%%%%%%%%%%%%%%%%%%%%%%%%%%%%%%%%%%%%%%%%%%%%%%%%%%%%%%%%%%%%%%%





%%%%%%%%%%%%%%%%%%%%%%%%%%%%%%% CALIBRATION %%%%%%%%%%%%%%%%%%%%%%%%%%%%%%%%%%

@article{McLauchlan1996,
  title={Active camera calibration for a head-eye platform using the variable state-dimension filter},
  author={McLauchlan, Philip F and Murray, David W},
  journal={IEEE Transactions on Pattern Analysis and Machine Intelligence (TPAMI)},
  volume={18},
  number={1},
  pages={15--22},
  year={1996},
  publisher={IEEE}
}

@inproceedings{Li2003,
  title={A multiple-camera system calibration toolbox using a feature descriptor-based calibration pattern},
  author={Li, Bo and Heng, Lionel and Koser, Kevin and Pollefeys, Marc},
  booktitle={IEEE/RSJ International Conference on Intelligent Robots and Systems (IROS)},
  pages={1301--1307},
  year={2013}
}

@inproceedings{Lebraly2011,
  title={Fast calibration of embedded non-overlapping cameras},
  author={L{\'e}braly, Pierre and Royer, Eric and Ait-Aider, Omar and Deymier, Cl{\'e}ment and Dhome, Michel},
  booktitle={IEEE International Conference on Robotics and Automation (ICRA)},
  pages={221--227},
  year={2011},
}

@inproceedings{Furgale2013,
  title={Unified temporal and spatial calibration for multi-sensor systems},
  author={Furgale, Paul and Rehder, Joern and Siegwart, Roland},
  booktitle={IEEE/RSJ International Conference on Intelligent Robots and Systems (IROS)},
  pages={1280--1286},
  year={2013}
}

@inproceedings{richardson2013iros,
  TITLE      = {{AprilCal}: Assisted and repeatable camera calibration},
  AUTHOR     = {Andrew Richardson and Johannes Strom and Edwin Olson},
  BOOKTITLE  = {Proceedings of the {IEEE/RSJ} International Conference on Intelligent
                Robots and Systems {(IROS)}},
  YEAR       = {2013},
  MONTH      = {November},
  KEYWORDS   = {},
}

@article{Heng2015,
  title={Self-calibration and visual {SLAM} with a multi-camera system on a micro aerial vehicle},
  author={Heng, Lionel and Lee, Gim Hee and Pollefeys, Marc},
  journal={Autonomous Robots},
  volume={39},
  number={3},
  pages={259--277},
  year={2015},
  publisher={Springer}
}

@inproceedings{Das2016,
  title={Calibration of a dynamic camera cluster for multi-camera visual {SLAM}},
  author={Das, Arun and Waslander, Steven L},
  booktitle={IEEE/RSJ International Conference on Intelligent Robots and Systems (IROS)},
  pages={4637--4642},
  year={2016}
}

@inproceedings{Rebello2017,
  title={Autonomous active calibration of a dynamic camera cluster using next-best-view},
  author={Rebello, Jason and Das, Arun and Waslander, Steven L},
  booktitle={IEEE/RSJ International Conference on Intelligent Robots and Systems (IROS)},
  year={2017}
}

@inproceedings{Choi2018,
  title = {Encoderless Gimbal Calibration of Dynamic Multi-Camera Clusters},
  author = {Choi, Christopher L. and Rebello, Jason and Koppel, Leonid and Ganti, Pranav and Das, Arun and Waslander, Steven L.},
  booktitle = {IEEE International Conference on Robotics and Automation (ICRA)},
  month = {May},
  year = {2018}
}

%%%%%%%%%%%%%%%%%%%%%%%%%%%%%%%%%%%%%%%%%%%%%%%%%%%%%%%%%%%%%%%%%%%%%%%%%%%%%%





%%%%%%%%%%%%%%%%%%%%%%% MAV MODELLING AND CONTROL %%%%%%%%%%%%%%%%%%%%%%%%%%%%

@article{Freddi2011,
  title={A feedback linearization approach to fault tolerance in quadrotor vehicles},
  author={Freddi, Alessandro and Lanzon, Alexander and Longhi, Sauro},
  journal={IFAC Proceedings Volumes},
  volume={44},
  number={1},
  pages={5413--5418},
  year={2011},
  publisher={Elsevier}
}

@article{Hoffman2011,
  title={Precision flight control for a multi-vehicle quadrotor helicopter testbed},
  author={Hoffmann, Gabriel M and Huang, Haomiao and Waslander, Steven L and Tomlin, Claire J},
  journal={Control Engineering Practice},
  volume={19},
  number={9},
  pages={1023--1036},
  year={2011},
  publisher={Elsevier}
}

@article{Leishman2014,
  title={Quadrotors and accelerometers: State estimation with an improved dynamic model},
  author={Leishman, Robert C and Macdonald, John C and Beard, Randal W and McLain, Timothy W},
  journal={IEEE Control Systems},
  volume={34},
  number={1},
  pages={28--41},
  year={2014},
  publisher={IEEE}
}

%%%%%%%%%%%%%%%%%%%%%%%%%%%%%%%%%%%%%%%%%%%%%%%%%%%%%%%%%%%%%%%%%%%%%%%%%%%%%%





%%%%%%%%%%%%%%%%%%%%%%%%%%%%%%% MAV LANDING %%%%%%%%%%%%%%%%%%%%%%%%%%%%%%%%%%

@article{Friis2009,
  title={Autonomous landing on a moving platform},
  author={Friis, Johannes and Nielsen, Ebbe and Andersen, Rasmus Foldager and Boending, Jesper and Jochumsen, Anders and Friis, A},
  journal={Control Engineering, 8th Semester Project, Aalborg University, Denmark},
  year={2009}
}

@inproceedings{Voos2010,
  author={Voos, H. and Bou-Ammar, H.},
  title={Nonlinear tracking and landing controller for quadrotor aerial robots},
  booktitle={IEEE International Conference on Control Applications (CCA)},
  year={2010},
  pages={2136-2141},
  month={Sept}
}

@article{Wenzil2011,
  title={Automatic Take Off, Tracking and Landing of a Miniature {UAV} on a Moving Carrier Vehicle},
  year={2011},
  issn={0921-0296},
  journal={Journal of Intelligent and Robotic Systems},
  volume={61},
  number={1-4},
  doi={10.1007/s10846-010-9473-0},
  url={http://dx.doi.org/10.1007/s10846-010-9473-0},
  publisher={Springer Netherlands},
  keywords={UAV; Tracking; Onboard; Low-cost; Infrared; Microcontroller},
  author={Wenzel, Karl Engelbert and Masselli, Andreas and Zell, Andreas},
  pages={221-238},
  language={English}
}

@article{Hardesty2012,
  title={Development of navigation and automated flight control system solutions for maritime {VTOL} {UAS} operations},
  author={Hardesty, Mark and Kennedy, Sandy and Dixon, Sheena and Berka, Travis and Graham, Jason and Caldwell, Don},
  journal={USNA12},
  pages={1--20},
  year={2012}
}

@article{Herisse2012,
  title={Landing a {VTOL} Unmanned Aerial Vehicle on a Moving Platform Using Optical Flow},
  author={Herissé, B. and Hamel, T. and Mahony, R. and Russotto, F.-X.},
  journal={IEEE Transactions on Robotics},
  year={2012},
  volume={28},
  number={1},
  pages={77-89},
  doi={10.1109/TRO.2011.2163435},
  ISSN={1552-3098},
  month={Feb}
}

@inproceedings{Lee2012,
  title={Autonomous landing of a {VTOL} {UAV} on a moving platform using image-based visual servoing},
  author={Daewon Lee and Ryan, T. and Kim, H.J.},
  booktitle={IEEE International Conference on Robotics and Automation (ICRA)},
  year={2012},
  pages={971-976},
  doi={10.1109/ICRA.2012.6224828},
  ISSN={1050-4729},
  month={May}
}

@article{Bi2013,
  title={Implementation of autonomous visual tracking and landing for a low-cost quadrotor},
  author={Bi, Yingcai and Duan, Haibin},
  journal={Optik-International Journal for Light and Electron Optics},
  volume={124},
  number={18},
  pages={3296--3300},
  year={2013},
  publisher={Elsevier}
}

@inproceedings{Kong2013,
  title={Autonomous landing of a {UAV} with a ground-based actuated infrared stereo vision system},
  author={Kong, Weiwei and Zhang, Daibing and Wang, Xun and Xian, Zhiwen and Zhang, Jianwei},
  booktitle={IEEE/RSJ International Conference on Intelligent Robots and Systems (IROS)},
  pages={2963--2970},
  year={2013}
}

@book{Ling2014,
  title={Precision Landing of a Quadrotor {UAV} on a Moving Target Using Low-cost Sensors},
  author={Ling, K. and University of Waterloo. Department of Mechanical and Mechatronics Engineering},
  url={https://books.google.ca/books?id=nnRtrgEACAAJ},
  year={2014},
  publisher={University of Waterloo}
}

@inproceedings{Kim2014,
  author={JeongWoon Kim and Yeondeuk Jung and Lee, D. and Shim, D.H.},
  title={Outdoor autonomous landing on a moving platform for quadrotors using an omnidirectional camera},
  booktitle={International Conference on Unmanned Aircraft Systems (ICUAS)},
  year={2014},
  pages={1243-1252},
  doi={10.1109/ICUAS.2014.6842381},
  month={May}
}

@inproceedings{Yang2015,
  title={Precise quadrotor autonomous landing with {SRUKF} vision perception},
  author={Yang, Shuo and Ying, Jiahang and Lu, Yang and Li, Zexiang},
  booktitle={IEEE International Conference on Robotics and Automation (ICRA)},
  pages={2196--2201},
  year={2015}
}

@article{Tan2016,
  title={Autonomous ship deck landing of a quadrotor using invariant ellipsoid method},
  author={Tan, Chun Kiat and Wang, Jianliang and Paw, Yew Chai and Liao, Fang},
  journal={IEEE Transactions on Aerospace and Electronic Systems},
  volume={52},
  number={2},
  pages={891--903},
  year={2016},
  publisher={IEEE}
}

@article{Dougherty2016,
  title={Monocular estimation of ground orientation for autonomous landing of a
  quadrotor},
  author={Dougherty, John A and Lee, Taeyoung},
  journal={Journal of Guidance, Control, and Dynamics},
  volume={39},
  number={6},
  pages={1407--1416},
  year={2016},
  publisher={American Institute of Aeronautics and Astronautics}
}

@inproceedings{Hu2017,
  title={A time-optimal trajectory generation algorithm for quadrotor landing
  onto a moving platform},
  author={Hu, Botao and Mishra, Sandipan},
  booktitle={American Control Conference (ACC)},
  pages={4183--4188},
  year={2017},
}

@inproceedings{Beul2017,
  title={Fast autonomous landing on a moving target at MBZIRC},
  author={Beul, Marius and Houben, Sebastian and Nieuwenhuisen, Matthias and Behnke, Sven},
  booktitle={Mobile Robots European Conference on Mobile Robots (EMCR)},
  pages={1--6},
  year={2017},
  organization={IEEE}
}

@article{Borowczyk2017,
  title={Autonomous Landing of a Quadcopter on a High-Speed Ground Vehicle},
  author={Borowczyk, Alexandre and Nguyen, Duc-Tien and Nguyen, Andr{\'e}
  Phu-Van and Nguyen, Dang Quang and Saussi{\'e}, David and Le Ny, Jerome},
  journal={Journal of Guidance, Control, and Dynamics},
  volume={40},
  number={9},
  pages={2378--2385},
  year={2017},
  publisher={American Institute of Aeronautics and Astronautics}
}

@inproceedings{Fu2016,
  title={Autonomous landing of a quadrotor on an {UGV}},
  author={Fu, Mengyin and Zhang, Kuan and Yi, Yang and Shi, Chao},
  booktitle={IEEE International Conference on Mechatronics and Automation (ICMA)},
  pages={988--993},
  year={2016}
}

%%%%%%%%%%%%%%%%%%%%%%%%%%%%%%%%%%%%%%%%%%%%%%%%%%%%%%%%%%%%%%%%%%%%%%%%%%%%%%





%%%%%%%%%%%%%%%%%%%%%%%%%%%%%%%%%% SLAM %%%%%%%%%%%%%%%%%%%%%%%%%%%%%%%%%%%%%%

@inproceedings{Deans2002,
  title={Maximally informative statistics for localization and mapping},
  author={Deans, Matthew C},
  booktitle={International Conference on Robotics and Automation (ICRA)},
  pages={1824--1829},
  year={2002},
  organization={IEEE}
}

@inproceedings{davison2003real,
  title={Real-time simultaneous localisation and mapping with a single
  camera},
  author={Davison, Andrew J},
  booktitle={null},
  pages={1403},
  year={2003},
  organization={IEEE}
}

@inproceedings{Eustice2005,
  title={Visually Navigating the {RMS} Titanic with {SLAM} Information Filters.},
  author={Eustice, Ryan and Singh, Hanumant and Leonard, John J and Walter, Matthew R and Ballard, Robert},
  booktitle={Robotics: Science and Systems},
  pages={57--64},
  year={2005}
}

@article{durrant2006simultaneous,
  title={Simultaneous localization and mapping: part I},
  author={Durrant-Whyte, Hugh and Bailey, Tim},
  journal={IEEE robotics \& automation magazine},
  volume={13},
  number={2},
  pages={99--110},
  year={2006},
  publisher={IEEE}
}

@article{bailey2006simultaneous,
  title={Simultaneous localization and mapping (SLAM): Part II},
  author={Bailey, Tim and Durrant-Whyte, Hugh},
  journal={IEEE Robotics \& Automation Magazine},
  volume={13},
  number={3},
  pages={108--117},
  year={2006}
}

@inproceedings{klein2007parallel,
  title={Parallel tracking and mapping for small AR workspaces},
  author={Klein, Georg and Murray, David},
  booktitle={Mixed and Augmented Reality, 2007. ISMAR 2007. 6th IEEE and ACM
  International Symposium on},
  pages={225--234},
  year={2007},
  organization={IEEE}
}

@article{grisetti2010tutorial,
  title={A tutorial on graph-based SLAM},
  author={Grisetti, Giorgio and Kummerle, Rainer and Stachniss, Cyrill and Burgard, Wolfram},
  journal={IEEE Intelligent Transportation Systems Magazine},
  volume={2},
  number={4},
  pages={31--43},
  year={2010},
  publisher={IEEE}
}

@inproceedings{strasdat2010real,
  title={Real-time monocular SLAM: Why filter?},
  author={Strasdat, Hauke and Montiel, JMM and Davison, Andrew J},
  booktitle={IEEE International Conference on Robotics and Automation (ICRA)},
  pages={2657--2664},
  year={2010},
  organization={IEEE}
}

@article{strasdat2012visual,
  title={Visual SLAM: why filter?},
  author={Strasdat, Hauke and Montiel, Jos{\'e} MM and Davison, Andrew J},
  journal={Image and Vision Computing},
  volume={30},
  number={2},
  pages={65--77},
  year={2012},
  publisher={Elsevier}
}

@inproceedings{engel2014lsd,
  title={LSD-SLAM: Large-scale direct monocular SLAM},
  author={Engel, Jakob and Sch{\"o}ps, Thomas and Cremers, Daniel},
  booktitle={European Conference on Computer Vision},
  pages={834--849},
  year={2014},
  organization={Springer}
}

@inproceedings{Manderson2016,
  title={Texture-aware {SLAM} using stereo imagery and inertial information},
  author={Manderson, Travis and Shkurti, Florian and Dudek, Gregory},
  booktitle={Conference on Computer and Robot Vision (CRV)},
  pages={456--463},
  year={2016}
}

@article{Faessler2016,
  title={Autonomous, Vision-based Flight and Live Dense {3D} Mapping with a Quadrotor Micro Aerial Vehicle.},
  author={Faessler, Matthias and Fontana, Flavio and Forster, Christian and Mueggler, Elias and Pizzoli, Matia and Scaramuzza, Davide},
  journal={Journal of Field Robotics},
  volume={33},
  number={4},
  pages={431--450},
  year={2016}
}

@article{cadena2016simultaneous,
  title={Simultaneous Localization And Mapping: Present, Future, and the Robust-Perception Age},
  author={Cadena, Cesar and Carlone, Luca and Carrillo, Henry and Latif, Yasir and Scaramuzza, Davide and Neira, Jose and Reid, Ian D and Leonard, John J},
  journal={arXiv preprint arXiv:1606.05830},
  year={2016}
}

%%%%%%%%%%%%%%%%%%%%%%%%%%%%%%%%%%%%%%%%%%%%%%%%%%%%%%%%%%%%%%%%%%%%%%%%%%%%%%





%%%%%%%%%%%%%%%%%%%%%%%%% VISUAL-INERTIAL-ODOMETRY %%%%%%%%%%%%%%%%%%%%%%%%%%%

@inproceedings{Roumeliotis1999,
  title={Circumventing dynamic modeling: Evaluation of the error-state kalman filter applied to mobile robot localization},
  author={Roumeliotis, Stergios I and Sukhatme, Gaurav S and Bekey, George A},
  booktitle={IEEE International Conference on Robotics and Automation (ICRA)},
  pages={1656--1663},
  year={1999}
}

@inproceedings{Roumeliotis2002,
  title={Augmenting inertial navigation with image-based motion estimation},
  author={Roumeliotis, Stergios I and Johnson, Andrew E and Montgomery, James F},
  booktitle={IEEE International Conference on Robotics and Automation (ICRA)},
  pages={4326--4333},
  year={2002}
}

@article{Markley2004,
  title={Multiplicative vs. additive filtering for spacecraft attitude determination},
  author={Markley, F Landis},
  journal={Dynamics and Control of Systems and Structures in Space},
  number={467-474},
  year={2004}
}

@phdthesis{Diel2005,
  title={Stochastic constraints for vision-aided inertial navigation},
  author={Diel, David D},
  year={2005},
  school={Massachusetts Institute of Technology}
}

@inproceedings{Mourikis2007,
  title={A multi-state constraint Kalman filter for vision-aided inertial navigation},
  author={Mourikis, Anastasios I and Roumeliotis, Stergios I},
  booktitle={IEEE International Conference on Robotics and Automation (ICRA)},
  pages={3565--3572},
  year={2007}
}

@article{Sibley2010,
  title={Sliding window filter with application to planetary landing},
  author={Sibley, Gabe and Matthies, Larry and Sukhatme, Gaurav},
  journal={Journal of Field Robotics},
  volume={27},
  number={5},
  pages={587--608},
  year={2010},
  publisher={Wiley Online Library}
}

@article{Kelly2011,
  title={Visual-inertial sensor fusion: Localization, mapping and sensor-to-sensor self-calibration},
  author={Kelly, Jonathan and Sukhatme, Gaurav S},
  journal={The International Journal of Robotics Research (IJRR)},
  volume={30},
  number={1},
  pages={56--79},
  year={2011},
  publisher={SAGE Publications Sage UK: London, England}
}

@inproceedings{Weiss2012,
  title={Real-time onboard visual-inertial state estimation and self-calibration of {MAVs} in unknown environments},
  author={Weiss, Stephan and Achtelik, Markus W and Lynen, Simon and Chli, Margarita and Siegwart, Roland},
  booktitle={IEEE International Conference on Robotics and Automation (ICRA)},
  pages={957--964},
  year={2012}
}

@article{Li2013,
  title={High-precision, consistent {EKF}-based visual-inertial odometry},
  author={Li, Mingyang and Mourikis, Anastasios I},
  journal={The International Journal of Robotics Research (IJRR)},
  volume={32},
  number={6},
  pages={690--711},
  year={2013},
  publisher={SAGE Publications Sage UK: London, England}
}

@article{Shelly2014,
  title={Monocular visual inertial odometry on a mobile device},
  author={Shelley, MA},
  journal={Master's thesis, Institut f{\"u}r Informatik, TU M{\"u}nchen, Germany},
  year={2014}
}

@inproceedings{Bloesch2015,
  title={Robust visual inertial odometry using a direct {EKF}-based approach},
  author={Bloesch, Michael and Omari, Sammy and Hutter, Marco and Siegwart, Roland},
  booktitle={Intelligent Robots and Systems (IROS)},
  pages={298--304},
  year={2015},
  organization={IEEE}
}

@article{Leutenegger2015,
  title={Keyframe-based visual--inertial odometry using nonlinear optimization},
  author={Leutenegger, Stefan and Lynen, Simon and Bosse, Michael and Siegwart, Roland and Furgale, Paul},
  journal={The International Journal of Robotics Research (IJRR)},
  volume={34},
  number={3},
  pages={314--334},
  year={2015},
  publisher={SAGE Publications Sage UK: London, England}
}

@inproceedings{Clement2015,
  title={The Battle for filter supremacy: a comparative study of the multi-state constraint Kalman filter and the sliding window filter},
  author={Clement, Lee E and Peretroukhin, Valentin and Lambert, Jacob and Kelly, Jonathan},
  booktitle={Computer and Robot Vision (CRV)},
  pages={23--30},
  year={2015},
  organization={IEEE}
}

@inproceedings{Usenko2016,
  title={Direct visual-inertial odometry with stereo cameras},
  author={Usenko, Vladyslav and Engel, Jakob and St{\"u}ckler, J{\"o}rg and Cremers, Daniel},
  booktitle={IEEE International Conference on Robotics and Automation (ICRA)},
  pages={1885--1892},
  year={2016}
}

@article{Engel2017,
  title={Direct sparse odometry},
  author={Engel, Jakob and Koltun, Vladlen and Cremers, Daniel},
  journal={IEEE Transactions on Pattern Analysis and Machine Intelligence (TPAMI)},
  volume={40},
  pages={611--625},
  year={2018}
}

@inproceedings{Paul2017,
  title={A comparative analysis of tightly-coupled monocular, binocular, and stereo {VINS}},
  author={Paul, Mrinal K and Wu, Kejian and Hesch, Joel A and Nerurkar, Esha D and Roumeliotis, Stergios I},
  booktitle={IEEE International Conference on Robotics and Automation (ICRA)},
  pages={165--172},
  year={2017}
}

@article{Sun2018,
  title={Robust stereo visual inertial odometry for fast autonomous flight},
  author={Sun, Ke and Mohta, Kartik and Pfrommer, Bernd and Watterson, Michael and Liu, Sikang and Mulgaonkar, Yash and Taylor, Camillo J and Kumar, Vijay},
  journal={IEEE Robotics and Automation Letters (RA-L)},
  volume={3},
  number={2},
  pages={965--972},
  year={2018},
  publisher={IEEE}
}

%%%%%%%%%%%%%%%%%%%%%%%%%%%%%%%%%%%%%%%%%%%%%%%%%%%%%%%%%%%%%%%%%%%%%%%%%%%%%%





%%%%%%%%%%%%%%%%%%%%%%%%%%%%%% VISUAL-ODOMETRY %%%%%%%%%%%%%%%%%%%%%%%%%%%%%%%

@article{Tribou2015,
  title={Multi-camera parallel tracking and mapping with non-overlapping fields of view},
  author={Tribou, Michael J and Harmat, Adam and Wang, David WL and Sharf, Inna and Waslander, Steven L},
  journal={The International Journal of Robotics Research},
  volume={34},
  number={12},
  pages={1480--1500},
  year={2015},
  publisher={SAGE Publications Sage UK: London, England}
}

@inproceedings{Wang2017,
  title={Stereo {DSO}: Large-scale direct sparse visual odometry with stereo cameras},
  author={Wang, Rui and Schw{\"o}rer, Martin and Cremers, Daniel},
  booktitle={International Conference on Computer Vision (ICCV)},
  year={2017}
}

@inproceedings{Forster2014,
  title={{SVO}: Fast semi-direct monocular visual odometry},
  author={Forster, Christian and Pizzoli, Matia and Scaramuzza, Davide},
  booktitle={IEEE International Conference on Robotics and Automation (ICRA)},
  pages={15--22},
  year={2014},
  organization={IEEE}
}


%%%%%%%%%%%%%%%%%%%%%%%%%%%%%%%%%%%%%%%%%%%%%%%%%%%%%%%%%%%%%%%%%%%%%%%%%%%%%%





%%%%%%%%%%%%%%%%%%%%%%%%% MULTI-AGENT SLAM %%%%%%%%%%%%%%%%%%%%%%%%%%%%%%%%%%%

@inproceedings{achtelik2011collaborative,
  title={Collaborative stereo},
  author={Achtelik, Markus W and Weiss, Stephan and Chli, Margarita and Dellaerty, Frank and Siegwart, Roland},
  booktitle={Proceedings of the IEEE/RSJ International Conference on Intelligent Robots and Systems (IROS)},
  pages={2242--2248},
  year={2011},
  organization={IEEE}
}

@article{zou2013coslam,
  title={{CoSLAM}: Collaborative visual slam in dynamic environments},
  author={Zou, Danping and Tan, Ping},
  journal={IEEE Transactions on Pattern Analysis and Machine Intelligence},
  volume={35},
  number={2},
  pages={354--366},
  year={2013},
  publisher={IEEE}
}

@inproceedings{cunningham2013ddf,
  title={{DDF-SAM} 2.0: Consistent distributed smoothing and mapping},
  author={Cunningham, Alexander and Indelman, Vadim and Dellaert, Frank},
  booktitle={Proceedings of the IEEE International Conference on Robotics and Automation (ICRA)},
  pages={5220--5227},
  year={2013},
  organization={IEEE}
}

@inproceedings{forster2013collaborative,
  title={Collaborative monocular slam with multiple micro aerial vehicles},
  author={Forster, Christian and Lynen, Simon and Kneip, Laurent and Scaramuzza, Davide},
  booktitle={Proceedings of the IEEE/RSJ International Conference on Intelligent Robots and Systems (IROS)},
  number={EPFL-CONF-199731},
  pages={3963--3970},
  year={2013}
}

@incollection{morrison2016moarslam,
  title={Moarslam: Multiple operator augmented rslam},
  author={Morrison, John G and G{\'a}lvez-L{\'o}pez, Dorian and Sibley, Gabe},
  booktitle={Distributed Autonomous Robotic Systems},
  pages={119--132},
  year={2016},
  publisher={Springer}
}

@inproceedings{deutsch2016framework,
  author={I. Deutsch and M. Liu and R. Siegwart},
  booktitle={2016 IEEE International Conference on Real-time Computing and Robotics (RCAR)},
  title={A framework for multi-robot pose graph SLAM},
  year={2016},
  volume={},
  number={},
  pages={567-572},
  doi={10.1109/RCAR.2016.7784092},
  ISSN={},
  month={June},
}

@inproceedings{schmuck2017multi,
  title={Multi-uav collaborative monocular slam},
  author={Schmuck, Patrik and Chli, Margarita},
  booktitle={Proceedings of the IEEE International Conference on Robotics and Automation (ICRA)},
  pages={3863--3870},
  year={2017},
  organization={IEEE}
}

@article{cieslewski2017efficient,
  author={T. Cieslewski and D. Scaramuzza},
  journal={IEEE Robotics and Automation Letters},
  title={Efficient Decentralized Visual Place Recognition Using a Distributed Inverted Index},
  year={2017},
  volume={2},
  number={2},
  pages={640-647},
  doi={10.1109/LRA.2017.2650153},
  ISSN={2377-3766},
  month={April},
}

@article{schmuck2018ccm,
  title={{CCM-SLAM}: Robust and efficient centralized collaborative monocular simultaneous localization and mapping for robotic teams},
  author={Schmuck, Patrik and Chli, Margarita},
  journal={Journal of Field Robotics},
  year={2018},
  publisher={Wiley Online Library}
}

@article{teixeira2018vi,
  title={VI-RPE: Visual-Inertial Relative Pose Estimation for Aerial Vehicles},
  author={Teixeira, Lucas and Maffra, Fabiola and Moos, Marco and Chli, Margarita},
  journal={IEEE Robotics and Automation Letters},
  volume={3},
  number={4},
  pages={2770--2777},
  year={2018},
  publisher={IEEE}
}

%%%%%%%%%%%%%%%%%%%%%%%%%%%%%%%%%%%%%%%%%%%%%%%%%%%%%%%%%%%%%%%%%%%%%%%%%%%%%%





%%%%%%%%%%%%%%%%%%%%%%%%%%%% MOTION PLANNING %%%%%%%%%%%%%%%%%%%%%%%%%%%%%%%%%

@inproceedings{cieslewski2017rapid,
  title={Rapid exploration with multi-rotors: A frontier selection method for high speed flight},
  author={Cieslewski, Titus and Kaufmann, Elia and Scaramuzza, Davide},
  booktitle={Intelligent Robots and Systems (IROS), 2017 IEEE/RSJ International Conference on},
  pages={2135--2142},
  year={2017},
  organization={IEEE}
}

@article{palazzolo2017information,
  title={Information-driven autonomous exploration for a vision-based MAV},
  author={Palazzolo, Emanuele and Stachniss, Cyrill},
  journal={ISPRS Annals of the Photogrammetry, Remote Sensing and Spatial Information Sciences},
  volume={4},
  pages={59},
  year={2017},
  publisher={Copernicus GmbH}
}

%%%%%%%%%%%%%%%%%%%%%%%%%%%%%%%%%%%%%%%%%%%%%%%%%%%%%%%%%%%%%%%%%%%%%%%%%%%%%%





%%%%%%%%%%%%%%%%%%%%%%%%%%%%%%%%% MISC %%%%%%%%%%%%%%%%%%%%%%%%%%%%%%%%%%%%%%%

@book{Hartenberg1964,
  title={Kinematic synthesis of linkages},
  author={Hartenberg, Richard Scheunemann and Denavit, Jacques},
  year={1964},
  publisher={McGraw-Hill}
}

@book{Maybeck1982,
  title={Stochastic models, estimation, and control},
  author={Maybeck, Peter S},
  volume={1},
  year={1982},
  publisher={Academic press}
}

@article{Geiger2013,
  title={Vision meets robotics: The {KITTI} dataset},
  author={Geiger, Andreas and Lenz, Philip and Stiller, Christoph and Urtasun, Raquel},
  journal={The International Journal of Robotics Research (IJRR)},
  volume={32},
  number={11},
  pages={1231--1237},
  year={2013},
  publisher={Sage Publications Sage UK: London, England}
}

@inproceedings{Nikolic2014,
  title={A synchronized visual-inertial sensor system with {FPGA}
  pre-processing for accurate real-time {SLAM}},
  author={Nikolic, Janosch and Rehder, Joern and Burri, Michael and Gohl,
  Pascal and Leutenegger, Stefan and Furgale, Paul T and Siegwart, Roland},
  booktitle={IEEE International Conference on Robotics and Automation (ICRA)},
  pages={431--437},
  year={2014}
}

@article{Bloesch2016,
  author = {{Bloesch}, M. and {Sommer}, H. and {Laidlow}, T. and {Burri}, M. and {Nuetzi}, G. and {Fankhauser}, P. and {Bellicoso}, D. and {Gehring}, C. and {Leutenegger}, S. and {Hutter}, M. and {Siegwart}, R.},
  title = "{A Primer on the Differential Calculus of {3D} Orientations}",
  journal = {ArXiv e-prints},
  archivePrefix = "arXiv",
  eprint = {1606.05285},
  primaryClass = "cs.RO",
  keywords = {Computer Science - Robotics},
  year = 2016,
  month = jun,
  adsurl = {http://adsabs.harvard.edu/abs/2016arXiv160605285B},
  adsnote = {Provided by the SAO/NASA Astrophysics Data System}
}

@article{Burri2016,
  title={The EuRoC micro aerial vehicle datasets},
  author={Burri, Michael and Nikolic, Janosch and Gohl, Pascal and Schneider, Thomas and Rehder, Joern and Omari, Sammy and Achtelik, Markus W and Siegwart, Roland},
  journal={The International Journal of Robotics Research (IJRR)},
  volume={35},
  number={10},
  pages={1157--1163},
  year={2016},
  publisher={SAGE Publications Sage UK: London, England}
}

@article{Sola2017,
  title={Quaternion kinematics for the error-state Kalman filter},
  author={Sola, Joan},
  journal={arXiv preprint arXiv:1711.02508},
  year={2017}
}

%%%%%%%%%%%%%%%%%%%%%%%%%%%%%%%%%%%%%%%%%%%%%%%%%%%%%%%%%%%%%%%%%%%%%%%%%%%%%%




%%%%%%%%%%%%%%%%%%%%%%%%%%%%%%% ACTIVE VISION %%%%%%%%%%%%%%%%%%%%%%%%%%%%%%%%

@article{Frintrop2008,
  title={Attentional landmarks and active gaze control for visual {SLAM}},
  author={Frintrop, Simone and Jensfelt, Patric},
  journal={IEEE Transactions on Robotics},
  volume={24},
  number={5},
  pages={1054--1065},
  year={2008}
}

%%%%%%%%%%%%%%%%%%%%%%%%%%%%%%%%%%%%%%%%%%%%%%%%%%%%%%%%%%%%%%%%%%%%%%%%%%%%%%
