@String { AAAI         = {{AAAI         }}}
@String { AAAIC        = {{AAAIC        }}}
@String { ACCV         = {{ACCV         }}}
@String { ACRA         = {{ACRA         }}}
@String { ACMTOG       = {{ACM Transactions on Graphics}} }
@String { AI           = {{Artificial Intelligence}} }
@String { AISTATS      = {{AISTATS      }}}
@String { AR           = {{Autonomous Robots}} }
@String { AVC          = {{Proceedings of the Alvey Vision Conference}} }
@String { BMVC         = {{BMVC         }}}
@String { CG           = {{Computers and Graphics}} }
@String { CORL         = {{CoRL           }}}
@String { CRV          = {{CRV          }}}
@String { CVGIP        = {{Computer Vision, Graphics, and Image Processing}} }
@String { CVGIPIU      = {{CVGIPIU      }}}
@String { CVIU         = {{CVIU         }}}
@String { CVMP         = {{CVMP         }}}
@String { CVPR         = {{CVPR         }}}
@String { CVPRW        = {{CVPRW        }}}
@String { DAGM         = {{DAGM         }}}
@String { DICTA        = {{DICTA        }}}
@String { ECCV         = {{ECCV         }}}
@String { ECMR         = {{ECMR         }}}
@String { EG           = {{Proceedings of Eurographics}} }
@String { FATCGV       = {{Foundations and Trends in Computer Graphics and Vision}} }
@String { IAV          = {{IAV          }}}
@String { IBPRIA       = {{IBPRIA       }}}
@String { ICCP         = {{ICCP         }}}
@String { ICCV         = {{ICCV         }}}
@String { ICCVW         = {{ICCVW         }}}
@String { ICANN        = {{ICANN        }}}
@String { ICIP         = {{ICIP         }}}
@String { ICLR         = {{ICLR         }}}
@String { ICML         = {{ICML         }}}
@String { ICPR         = {{ICPR         }}}
@String { ICRA         = {{ICRA         }}}
@String { ICVS         = {{ICVS         }}}
@String { IISW         = {{IISW         }}}
@String { IJCAI        = {{IJCAI        }}}
@String { IJCNN        = {{IJCNN        }}}
@String { IJCV         = {{IJCV         }}}
@String { IJHR         = {{IJHR         }}}
@String { IJPRAI       = {{International Journal of Pattern Recognition in Artificial Intelligence}} }
@String { IJRR         = {{IJRR         }}}
@String { IPCAI        = {{IPCAI        }}}
@String { IROS         = {{IROS         }}}
@String { ISCAS        = {{ISCAS        }}}
@String { ISER         = {{ISER         }}}
@String { ISMAR        = {{ISMAR        }}}
@String { ISR          = {{ISR          }}}
@String { ISRR         = {{ISRR         }}}
@String { ISVC         = {{ISVC         }}}
@String { ITHREED    = {{Proceedings of the Symposium on Interactive 3D Graphics and Games}} }
@String { ITSC         = {{ITSC         }}}
@String { IV           = {{IV           }}}
@String { IVC          = {{IVC          }}}
@String { JAIR         = {{Journal of Artificial Intellignece Research}} }
@String { JFR          = {{JFR          }}}
@String { JIRS         = {{Journal of Intelligent and Robotic Systems}} }
@String { JMIV         = {{Journal of Mathematical Imaging and Vision}} }
@String { JNN          = {{Journal of Neural Networks}} }
@String { JRTIP        = {{JRTIP        }}}
@String { JSSC         = {{JSSC         }}}
@String { JVCA         = {{Journal of Visualization and Computer Animation}} }
@String { JVCIR        = {{Journal of Visual Communication and Image Representation}} }
@String { LDRMC        = {{Workshop on Live Dense Reconstruction from Moving Cameras at {ICCV}}} }
@String { MICCAI       = {{Proceedings of the International Conference on Medical Image Computing and Computer Assisted Intervention ({MICCAI})}} }
@String { MVA          = {{Journal of Machine Vision and Applications}} }
@String { NIPS         = {{NIPS         }}}
@String { NNLS         = {{{IEEE} Transactions on Neural Networks and Learning Systems}} }
@String { PAMI         = {{PAMI         }}}
@String { PR           = {{Pattern Recognition}} }
@String { PSYR         = {{Psychological Review}} }
@String { RAL          = {{{IEEE} Robotics and Automation Letters ({RAL})}} {{RAL}}}
@String { RAS          = {{Robotics and Autonomous Systems}} }
@String { ROMAN        = {{Proceedings of the International Symposium on Robot and Human Interactive Communication ({ROMAN})}} }
@String { RSJ          = {{RSJ          }}}
@String { RSS          = {{RSS          }}}
@String { RSSRGBD      = {{Workshop on {RGB-D}: Advanced Reasoning with Depth Cameras, in conjunction with Robotics: Science and Systems}} }
@String { SENSORS      = {{{IEEE} Sensors Journal}} }
@String { SIGGRAPH     = {{Proceedings of {SIGGRAPH}}} }
@String { SIGGRAPHASIA = {{{SIGGRAPH Asia}}} }
@String { SMC          = {{SMC          }}}
@String { SMILE        = {{SMILE        }}}
@String { SPIC         = {{SPIC         }}}
@String { SPL          = {{{IEEE} Signal Processing Letters}} }
@String { SPIE_EI      = {{Proceedings of {SPIE} Electronic Imaging}} }
@String { THREEDIM     = {{Proceedings of the {IEEE} International Workshop on {3D} Digital Imaging and Modeling ({3DIM})}} }
@String { THREEDPVT    = {{Proceedings of the International Symposium on 3D Data Processing, Visualization and Transmission ({3DPVT})}} }
@String { THREEDV      = {{Proceedings of the International Conference on 3D Vision ({3DV})}} }
@String { TIP          = {{{IEEE} Transactions on Image Processing}} }
@String { TMLR          = {{TMLR          }}}
@String { TOG          = {{TOG          }}}
@String { TRA          = {{{IEEE} Transactions on Robotics and Automation}} }
@String { TRO          = {{TRO          }}}
@String { UIST         = {{UIST         }}}
@String { VCG          = {{VCG          }}}
@String { VICRA        = {{Video Proceedings of the {IEEE} International Conference on Robotics and Automation ({ICRA})}} }
@String { VISALG       = {{Proceedings of the International Workshop on Vision Algorithms, in association with {ICCV}}} }
@String { VMV          = {{Proceedings of the International Workshop on Vision, Modelling and Visualization ({VMV})}} }
@String { W3DRR        = {{Workshop on 3D Representation and Recognition, in conjunction with International Conference on Computer Vision}} }
@String { WACV         = {{Proceedings of the {IEEE} Workshop on Applications of Computer Vision ({WACV})}} }
@String { WRVS         = {{Proceedings of the {IEEE} Workshop on Representations of Visual Scenes}} }
