@String { AAAI         = {{Proceedings of the National Conference on Artificial Intelligence ({AAAI})}} }
@String { AAAIC        = {{Proceedings of the {AAAI} Conference on Artificial Intelligence ({AAAIC})}} }
@String { ACCV         = {{Proceedings of the Asian Conference on Computer Vision ({ACCV})}} }
@String { ACRA         = {{Australian Conference on Robotics and Automation (ACRA)}} }
@String { ACMTOG       = {{ACM Transactions on Graphics}} }
@String { AI           = {{Artificial Intelligence}} }
@String { AISTATS      = {{International Conference on Artificial Intelligence and Statistics ({AISTATS})}} }
@String { AR           = {{Autonomous Robots}} }
@String { AVC          = {{Proceedings of the Alvey Vision Conference}} }
@String { BMVC         = {{Proceedings of the British Machine Vision Conference ({BMVC})}} }
@String { CG           = {{Computers and Graphics}} }
@String { CORL           = {{Conference on Robot Learning ({CoRL})}} }
@String { CRV          = {{Proceedings of the Canadian Conference on Computer and Robot Vision ({CRV})}} }
@String { CVGIP        = {{Computer Vision, Graphics, and Image Processing}} }
@String { CVGIPIU      = {{{CVGIP}: Image Understanding}} }
@String { CVIU         = {{Computer Vision and Image Understanding ({CVIU})}} }
@String { CVMP         = {{Proceedings of the Conference on Visual Media Production ({CVMP})}} }
@String { CVPR         = {{Proceedings of the {IEEE} Conference on Computer Vision and Pattern Recognition ({CVPR})}} }
@String { CVPRW        = {{Proceedings of the {IEEE} Conference on Computer Vision and Pattern Recognition Workshops ({CVPRW})}} }
@String { DAGM         = {{Proceedings of the {DAGM} Symposium on Pattern Recognition}} }
@String { DICTA        = {{Proceedings of the Digital Image Computing on Techniques and Applications ({DICTA})}} }
@String { ECCV         = {{Proceedings of the European Conference on Computer Vision ({ECCV})}} }
@String { ECMR         = {{Proceedings of the European Conference on Mobile Robotics ({ECMR})}} }
@String { EG           = {{Proceedings of Eurographics}} }
@String { FATCGV       = {{Foundations and Trends in Computer Graphics and Vision}} }
@String { IAV          = {{Proceedings of the {IFAC} Symposium on Intelligent Autonomous Vehicles ({IAV})}} }
@String { IBPRIA       = {{Proceedings of the Iberian Conference on Pattern Recognition and Image Analysis ({IBPRIA})}} }
@String { ICCP         = {{Proceedings of the {IEEE} International Conference on Computational Photography ({ICCP})}} }
@String { ICCV         = {{Proceedings of the International Conference on Computer Vision ({ICCV})}} }
@String { ICCVW         = {{Proceedings of the International Conference on Computer Vision Workshops ({ICCVW})}} }
@String { ICANN        = {{Proceedings of the International Conference on Artificial Neural Networks ({ICANN})}} }
@String { ICIP         = {{Proceedings of the {IEEE} International Conference on Image Processing ({ICIP})}} }
@String { ICLR         = {{Proceedings of the International Conference on Learning Representations ({ICLR})}} }
@String { ICML         = {{Proceedings of the International Conference on Machine Learning ({ICML})}} }
@String { ICPR         = {{Proceedings of the International Conference on Pattern Recognition ({ICPR})}} }
@String { ICRA         = {{Proceedings of the {IEEE} International Conference on Robotics and Automation ({ICRA})}} }
@String { ICVS         = {{International Conference on Computer Vision Systems ({ICVS})}} }
@String { IISW         = {{International Image Sensor Workshop ({IISW})}} }
@String { IJCAI        = {{Proceedings of the International Joint Conference on Artificial Intelligence ({IJCAI})}} }
@String { IJCNN        = {{Proceedings of the International Joint Conference on Neural Networks ({IJCNN})}} }
@String { IJCV         = {{International Journal of Computer Vision ({IJCV})}} }
@String { IJHR         = {{International Journal of Humanoid Robotics ({IJHR})}} }
@String { IJPRAI       = {{International Journal of Pattern Recognition in Artificial Intelligence}} }
@String { IJRR         = {{International Journal of Robotics Research ({IJRR})}} }
@String { IPCAI        = {{Information Processing in Computer-Assisted Interventions ({IPCAI})}} }
@String { IROS         = {{Proceedings of the {IEEE/RSJ} Conference on Intelligent Robots and Systems ({IROS})}} }
@String { ISCAS        = {{IEEE International Symposium on Circuits and Systems ({ISCAS})}} }
@String { ISER         = {{Proceedings of the International Symposium on Experimental Robotics ({ISER})}} }
@String { ISMAR        = {{Proceedings of the International Symposium on Mixed and Augmented Reality ({ISMAR})}} }
@String { ISR          = {{Proceedings of the International Symposium on Robotics (ISR)}} }
@String { ISRR         = {{Proceedings of the International Symposium on Robotics Research ({ISRR})}} }
@String { ISVC         = {{Proceedings of the International Symposium on Visual Computing ({ISVC)}}} }
@String { ITHREED    = {{Proceedings of the Symposium on Interactive 3D Graphics and Games}} }
@String { ITSC         = {{Proceedings of the International {IEEE} Conference on Intelligent Transportation Systems ({ITSC})}} }
@String { IV           = {{Proceedings of the {IEEE} Intelligent Vehicles Symposium ({IV})}} }
@String { IVC          = {{Image and Vision Computing ({IVC})}} }
@String { JAIR         = {{Journal of Artificial Intellignece Research}} }
@String { JFR          = {{Journal of Field Robotics ({JFR})}} }
@String { JIRS         = {{Journal of Intelligent and Robotic Systems}} }
@String { JMIV         = {{Journal of Mathematical Imaging and Vision}} }
@String { JNN          = {{Journal of Neural Networks}} }
@String { JRTIP        = {{Journal of Real-Time Image Processing {JRTIP}}} }
@String { JSSC         = {{IEEE Journal of Solid-State Circuits ({JSSC})}} }
@String { JVCA         = {{Journal of Visualization and Computer Animation}} }
@String { JVCIR        = {{Journal of Visual Communication and Image Representation}} }
@String { LDRMC        = {{Workshop on Live Dense Reconstruction from Moving Cameras at {ICCV}}} }
@String { MICCAI       = {{Proceedings of the International Conference on Medical Image Computing and Computer Assisted Intervention ({MICCAI})}} }
@String { MVA          = {{Journal of Machine Vision and Applications}} }
@String { NIPS         = {{Neural Information Processing Systems ({NIPS})}} }
@String { NNLS         = {{{IEEE} Transactions on Neural Networks and Learning Systems}} }
@String { PAMI         = {{{IEEE} Transactions on Pattern Analysis and Machine Intelligence ({PAMI})}} }
@String { PR           = {{Pattern Recognition}} }
@String { PSYR         = {{Psychological Review}} }
@String { RAL          = {{{IEEE} Robotics and Automation Letters ({RAL})}} }
@String { RAS          = {{Robotics and Autonomous Systems}} }
@String { ROMAN        = {{Proceedings of the International Symposium on Robot and Human Interactive Communication ({ROMAN})}} }
@String { RSJ          = {{Proceedings of the Annual Conference of the Robotics Society of Japan ({RSJ})}} }
@String { RSS          = {{Proceedings of Robotics: Science and Systems ({RSS})}} }
@String { RSSRGBD      = {{Workshop on {RGB-D}: Advanced Reasoning with Depth Cameras, in conjunction with Robotics: Science and Systems}} }
@String { SENSORS      = {{{IEEE} Sensors Journal}} }
@String { SIGGRAPH     = {{Proceedings of {SIGGRAPH}}} }
@String { SIGGRAPHASIA = {{{SIGGRAPH Asia}}} }
@String { SMC          = {{Proceedings of the International Conference on Systems, Man and Cybernetics, ({SMC})}} }
@String { SMILE        = {{Proceedings of the Workshop on Structure from Multiple Images of Large Scale Environments ({SMILE}), in conjunction with ECCV}} }
@String { SPIC         = {{Proceedings of Signal Processing: Image Communication ({SPIC})}} }
@String { SPL          = {{{IEEE} Signal Processing Letters}} }
@String { SPIE_EI      = {{Proceedings of {SPIE} Electronic Imaging}} }
@String { THREEDIM     = {{Proceedings of the {IEEE} International Workshop on {3D} Digital Imaging and Modeling ({3DIM})}} }
@String { THREEDPVT    = {{Proceedings of the International Symposium on 3D Data Processing, Visualization and Transmission ({3DPVT})}} }
@String { THREEDV      = {{Proceedings of the International Conference on 3D Vision ({3DV})}} }
@String { TIP          = {{{IEEE} Transactions on Image Processing}} }
@String { TMLR          = {{Transactions on Machine Learning Research ({TMLR})}} }
@String { TOG          = {{{{ACM} Transactions on Graphics ({TOG})}}} }
@String { TRA          = {{{IEEE} Transactions on Robotics and Automation}} }
@String { TRO          = {{{IEEE} Transactions on Robotics ({T-RO})}} }
@String { UIST         = {{Proceedings of {ACM} Symposium on User Interface Software and Technolog ({UIST})}} }
@String { VCG          = {{{IEEE} Transactions on Visualization and Computer Graphics ({VGC})}} }
@String { VICRA        = {{Video Proceedings of the {IEEE} International Conference on Robotics and Automation ({ICRA})}} }
@String { VISALG       = {{Proceedings of the International Workshop on Vision Algorithms, in association with {ICCV}}} }
@String { VMV          = {{Proceedings of the International Workshop on Vision, Modelling and Visualization ({VMV})}} }
@String { W3DRR        = {{Workshop on 3D Representation and Recognition, in conjunction with International Conference on Computer Vision}} }
@String { WACV         = {{Proceedings of the {IEEE} Workshop on Applications of Computer Vision ({WACV})}} }
@String { WRVS         = {{Proceedings of the {IEEE} Workshop on Representations of Visual Scenes}} }
