@inproceedings{triggs1999bundle,
  title={Bundle adjustmentâ€”a modern synthesis},
  author={Triggs, Bill and McLauchlan, Philip F and Hartley,
  Richard I and Fitzgibbon, Andrew W},
  booktitle={International workshop on vision algorithms},
  pages={298--372},
  year={1999},
  organization={Sp ringer}
}

@inproceedings{davison2003real,
  title={Real-time simultaneous localisation and mapping with a single
  camera},
  author={Davison, Andrew J},
  booktitle={null},
  pages={1403},
  year={2003},
  organization={IEEE}
}

@article{durrant2006simultaneous,
  title={Simultaneous localization and mapping: part I},
  author={Durrant-Whyte, Hugh and Bailey, Tim},
  journal={IEEE robotics \& automation magazine},
  volume={13},
  number={2},
  pages={99--110},
  year={2006},
  publisher={IEEE}
}

@article{bailey2006simultaneous,
  title={Simultaneous localization and mapping (SLAM): Part II},
  author={Bailey, Tim and Durrant-Whyte, Hugh},
  journal={IEEE Robotics \& Automation Magazine},
  volume={13},
  number={3},
  pages={108--117},
  year={2006}
}

@inproceedings{klein2007parallel,
  title={Parallel tracking and mapping for small AR workspaces},
  author={Klein, Georg and Murray, David},
  booktitle={Mixed and Augmented Reality, 2007. ISMAR 2007. 6th IEEE and ACM
  International Symposium on},
  pages={225--234},
  year={2007},
  organization={IEEE}
}

@article{grisetti2010tutorial,
  title={A tutorial on graph-based SLAM},
  author={Grisetti, Giorgio and Kummerle, Rainer and Stachniss, Cyrill and
  Burgard, Wolfram},
  journal={IEEE Intelligent Transportation Systems Magazine},
  volume={2},
  number={4},
  pages={31--43},
  year={2010},
  publisher={IEEE}
}

@inproceedings{strasdat2010real,
  title={Real-time monocular SLAM: Why filter?},
  author={Strasdat, Hauke and Montiel, JMM and Davison, Andrew J},
  booktitle={Robotics and Automation (ICRA), 2010 IEEE International
  Conference on},
  pages={2657--2664},
  year={2010},
  organization={IEEE}
}

@article{strasdat2012visual,
  title={Visual SLAM: why filter?},
  author={Strasdat, Hauke and Montiel, Jos{\'e} MM and Davison, Andrew J},
  journal={Image and Vision Computing},
  volume={30},
  number={2},
  pages={65--77},
  year={2012},
  publisher={Elsevier}
}

@inproceedings{engel2014lsd,
  title={LSD-SLAM: Large-scale direct monocular SLAM},
  author={Engel, Jakob and Sch{\"o}ps, Thomas and Cremers, Daniel},
  booktitle={European Conference on Computer Vision},
  pages={834--849},
  year={2014},
  organization={Springer}
}

@inproceedings{maddern2014illumination,
  title={Illumination invariant imaging: Applications in robust vision-based localisation, mapping and classification for autonomous vehicles},
  author={Maddern, Will and Stewart, Alex and McManus, Colin and Upcroft, Ben and Churchill, Winston and Newman, Paul},
  booktitle={Proceedings of the Visual Place Recognition in Changing Environments Workshop, IEEE International Conference on Robotics and Automation (ICRA), Hong Kong, China},
  volume={2},
  pages={3},
  year={2014}
}

@article{leutenegger2015keyframe,
  title={Keyframe-based visual--inertial odometry using nonlinear
  optimization},
  author={Leutenegger, Stefan and Lynen, Simon and Bosse,
  Michael and Siegwart, Roland and Furgale, Paul},
  journal={The International Journal of Robotics Research},
  volume={34},
  number={3},
  pages={314--334},
  year={2015},
  publisher={SAGE Publications}
}

@article{cadena2016simultaneous,
  title={Simultaneous Localization And Mapping: Present, Future, and the
  Robust-Perception Age},
  author={Cadena, Cesar and Carlone, Luca and Carrillo, Henry and Latif,
  Yasir and Scaramuzza, Davide and Neira, Jose and Reid, Ian D and Leonard,
  John J},
  journal={arXiv preprint arXiv:1606.05830},
  year={2016}
}
